@misc{GitHub,
	title = {GitHub},
	url = {https://github.com/},
	urldate = {2022-06-15},
}
@misc{Robotics_ToolBox,
	title = {Robotics ToolBox},
	url = {https://petercorke.com/toolboxes/robotics-toolbox/},
	urldate = {2022-06-15},
}
@misc{Inventor,
	title = {Inventor},
	url = {https://www.autodesk.pl/products/inventor/overview},
	urldate = {2022-06-15},
}
@misc{Python,
	title = {Python},
	url = {https://www.python.org/},
	urldate = {2022-06-15},
}
@misc{DH,
	title = {Denavit–Hartenberg},
	url = {https://en.wikipedia.org/wiki/Denavit\%E2\%80\%93Hartenberg_parameters},
	urldate = {2022-06-15},
}
@misc{Bogdan_Fabianski,
	title = {Bogdan Fabiański},
	url = {https://sin.put.poznan.pl/people/details/bogdan.fabianski},
	urldate = {2022-06-15},
}
